
@ARTICLE{Pola12,
	author={G. Pola and G. Pola},
	journal={IEEE Transactions on Control Systems Technology},
	title={A Stochastic Reachability Approach to Portfolio Construction in Finance Industry},
	year={2012},
	volume={20},
	number={1},
	pages={189-195},
	keywords={},
	doi={10.1109/TCST.2010.2103379},
	ISSN={1063-6536},
	month={Jan}}
@INPROCEEDINGS{Pola06,
	author={G. Pola and G. Pola},
	booktitle={Proceedings of the 45th IEEE Conference on Decision and Control},
	title={Optimal Dynamic Asset Allocation: A Stochastic Invariance Approach},
	year={2006},
	volume={},
	number={},
	pages={2589-2594},
	keywords={},
	doi={10.1109/CDC.2006.376809},
	ISSN={0191-2216},
	month={Dec},}

@MISC{Pola,
	author = {Giordano Pola and John Lygeros and Maria Domenica and Di Benedetto},
	title = {Invariance in Stochastic Dynamical Control Systems},
	year = {}
}
@article{BUCKLEY2008,
	title = "Portfolio optimization when asset returns have the Gaussian mixture distribution",
	journal = "European Journal of Operational Research",
	volume = "185",
	number = "3",
	pages = "1434 - 1461",
	year = "2008",
	issn = "0377-2217",
	doi = "https://doi.org/10.1016/j.ejor.2005.03.080",
	url = "http://www.sciencedirect.com/science/article/pii/S0377221706006242",
	author = "Ian Buckley and David Saunders and Luis Seco"
}
@book{jacod2000probability,
	title={Probability Essentials},
	author={Jacod, J. and Protter, P.E.},
	series={Hochschultext / Universitext},
	year={2000},
	publisher={Springer}
}
@book{paolella2007intermediate,
	title={Intermediate Probability: A Computational Approach},
	author={Paolella, M.S.},
	isbn={9780470026373},
	lccn={2007020127},
	url={https://books.google.it/books?id=o-VsvgAACAAJ},
	year={2007},
	publisher={Wiley}
}
@book{McNeil2005,
	author = {McNeil, Alexander J. and Frey, Rdiger and Embrechts, Paul},
	title = {Quantitative Risk Management: Concepts, Techniques and Tools},
	year = {2005},
	isbn = {0691166277, 9780691166278},
	publisher = {Princeton University Press},
	address = {Princeton, NJ, USA},
}
@ARTICLE{Brey2013,
	author={W. Breymann and D. Luthi},
	journal={},
	title={ghyp: A package on generelized hyperbolic distributions},
	year={2013},
	month={Feb},
	url={}} 
@article{Eisenberg64,
	ISSN = {00401706},
	URL = {http://www.jstor.org/stable/1266090},
	author = {Isidore Eisenberger},
	journal = {Technometrics},
	number = {4},
	pages = {357-363},
	publisher = {[Taylor & Francis, Ltd., American Statistical Association, American Society for Quality]},
	title = {Genesis of Bimodal Distributions},
	volume = {6},
	year = {1964}
}
@book{Everitt81,
	title={Finite Mixture Distributions},
	author={Everitt, B. and Hand, D.J.},
	isbn={9780412224201},
	lccn={80041131},
	series={Monographs on applied probability and statistics},
	year={1981},
	publisher={Chapman and Hall}
}
@article {Pearson1894,
	title = {Contributions to the mathematical theory of evolution},
	author = {Karl Pearson},
	volume = {185},
	pages = {71--110},
	year = {1894},
	publisher = {The Royal Society},
	issn = {0264-3820},
	journal = {Philosophical Transactions of the Royal Society of London A: Mathematical, Physical and Engineering Sciences}
}
@book{casella2002,
	title={Statistical Inference},
	author={Casella, G. and Berger, R.L.},
	isbn={9780534243128},
	lccn={2001025794},
	series={Duxbury advanced series in statistics and decision sciences},
	year={2002},
	publisher={Thomson Learning}
}
@book{hastie2009,
	title={The Elements of Statistical Learning: Data Mining, Inference, and Prediction, Second Edition},
	author={Hastie, T. and Tibshirani, R. and Friedman, J.},
	isbn={9780387848587},
	lccn={2008941148},
	series={Springer Series in Statistics},
	year={2009},
	publisher={Springer New York}
}
@online{Plasse2013,
	title={The EM Algorithm in Multivariate Gaussian Mixture Models
	using Anderson Acceleration},
	author={Joshua H. Plasse},
	year={2013},
	howpublished={\url{https://pdfs.semanticscholar.org/d8c1/650966042e2a58fedf6ce04ef002dd6fb3a8.pdf}}
}
@article{Campbell2002,
	ISSN = {0015198X},
	author = {Rachel Campbell and Kees Koedijk and Paul Kofman},
	journal = {Financial Analysts Journal},
	number = {1},
	pages = {87-94},
	publisher = {CFA Institute},
	title = {Increased Correlation in Bear Markets},
	volume = {58},
	year = {2002}
}
@book{cassandras2009,
	title={Introduction to Discrete Event Systems},
	author={Cassandras, C.G. and Lafortune, S.},
	isbn={9780387333328},
	lccn={2007931603},
	series={SpringerLink Engineering},
	year={2009},
	publisher={Springer US}
}
@unpublished{specchio2011,
	author = {Roberto Specchio},
	note = {final project at SCHOOL OF MANAGEMENT, Politecnico di Milano},
	year = {2011},
	title = {AN EVENT DRIVEN/STOCHASTIC REACHABILITY APPROACH TO PORTFOLIO CONSTRUCTION}	
}
@ARTICLE{Hieber2012,
	title = {A note on first-passage times of continuously time-changed Brownian motion},
	author = {Hieber, Peter and Scherer, Matthias},
	year = {2012},
	journal = {Statistics \& Probability Letters},
	volume = {82},
	number = {1},
	pages = {165-172}
}
@book{baldi2017,
	title={Stochastic Calculus: An Introduction Through Theory and Exercises},
	author={Baldi, P.},
	isbn={9783319622262},
	series={Universitext},
	year={2017},
	publisher={Springer International Publishing}
}